%% This BibTeX bibliography file was created using BibDesk.
%% http://bibdesk.sourceforge.net/


%% Created for Andrea Peretti at 2014-06-25 13:05:18 +0200 


%% Saved with string encoding Unicode (UTF-8) 



@misc{pres_cern,
	Author = {Stefano Alberto Russo},
	Date-Added = {2014-06-25 11:03:47 +0000},
	Date-Modified = {2014-06-25 11:04:55 +0000},
	Howpublished = {Presentazione},
	Month = {Ottobre},
	Rating = {4},
	Read = {1},
	Title = {Esperienze di elaborazione dati con Hadoop al CERN e ad ATLAS},
	Year = {2012}}

@url{data_per_minute,
	Author = {Josh James},
	Date-Added = {2014-06-25 10:45:22 +0000},
	Date-Modified = {2014-06-25 11:03:25 +0000},
	Keywords = {Big Data, Infographic},
	Lastchecked = {FRIDAY, JUNE 8, 2012},
	Rating = {5},
	Read = {1},
	Title = {How Much Data is Created Every Minute?},
	Urldate = {http://www.domo.com/blog/2012/06/how-much-data-is-created-every-minute/?dkw=socf3}}

@book{rezzani2013big,
	Author = {Rezzani, A.},
	Isbn = {9788838789892},
	Publisher = {Apogeo Education},
	Series = {PerCorsi di studio},
	Title = {Big Data: Architettura, tecnologie  e metodi per l'utilizzo  di grandi basi di dati},
	Url = {http://books.google.it/books?id=PYoFAgAAQBAJ},
	Year = {2013},
	Bdsk-Url-1 = {http://books.google.it/books?id=PYoFAgAAQBAJ}}
